% chowto-auto.bib
% This file is automatically generated, do not edit

@Misc{howto:base_equip_checklist,
  author = {H. Fenker},
  title = {Hall-C Base Equipment Checklist},
  note = {Hall C User Howto},
  url = {http://hallcweb.jlab.org/document/howtos/PDF/base_equip_checklist.pdf}
}

@Misc{howto:bcm_calibration,
  author = {Dave Mack and Stephen A. Wood},
  editor = {Stephen A. Wood},
  title = {BCM Calibration},
  note = {Hall C Expert Howto},
  url = {http://hallcweb.jlab.org/document/howtos/PDF/bcm_calibration.pdf}
}

@Misc{howto:Beam_Check_Mon,
  author = {Liguang Tang},
  title = {Beam Quality Check and Monitor},
  note = {Hall C Reference},
  url = {http://hallcweb.jlab.org/document/howtos/PDF/Beam_Check_Mon.pdf}
}

@Misc{howto:beamline_fr_manual,
  author = {Chen Yan},
  title = {Target Raster Maintenance Manual},
  note = {Hall C Expert Howto},
  url = {http://hallcweb.jlab.org/document/howtos/PDF/beamline_fr_manual.pdf}
}

@Misc{howto:beamline_optics,
  author = {Chen Yan},
  title = {A Brief Description of the Hall C Beamline},
  note = {Hall C Reference},
  url = {http://hallcweb.jlab.org/document/howtos/PDF/beamline_optics.pdf}
}

@Misc{howto:beamline_raster,
  author = {Chen Yan},
  title = {Description of the Hall C Raster Systems},
  note = {Hall C Reference},
  url = {http://hallcweb.jlab.org/document/howtos/PDF/beamline_raster.pdf}
}

@Misc{howto:cable_map,
  author = {H. Fenker},
  editor = {Stephen A. Wood},
  title = {Detector Signal and High Voltage Cable Map},
  note = {Hall C Reference},
  url = {http://hallcweb.jlab.org/document/howtos/PDF/cable_map.pdf}
}

@Misc{howto:CAEN_HV_expert,
  author = {S. A. Wood},
  editor = {S. A. Wood},
  title = {Caen High Voltage System EPICS Controls},
  note = {Hall C Expert Howto},
  url = {http://hallcweb.jlab.org/document/howtos/PDF/CAEN_HV_expert.pdf}
}

@Misc{howto:CAEN_HV_operation,
  author = {S. A. Wood},
  editor = {S. A. Wood},
  title = {Operation of the Caen High Voltage System},
  note = {Hall C User Howto},
  url = {http://hallcweb.jlab.org/document/howtos/PDF/CAEN_HV_operation.pdf}
}

@Misc{howto:ctp_manual,
  author = {Stephen A. Wood},
  title = {The CEBAF Test Package: A Symbolic and Dynamic Test, Histogram, and Parameter Package for On- and Off-line Particle Physics Data Analysis},
  note = {Hall C Reference},
  url = {http://hallcweb.jlab.org/document/howtos/PDF/ctp_manual.pdf}
}

@Misc{howto:drift_gas_system,
  author = {H. Fenker},
  editor = {B. Sawatzky, S. A. Wood},
  title = {Drift Chamber Gas System Operation},
  note = {Hall C Expert Howto},
  url = {http://hallcweb.jlab.org/document/howtos/PDF/drift_gas_system.pdf}
}

@Misc{howto:flam_gas_sensors,
  author = {H. Fenker},
  title = {Drift Chamber Flammable Gas Leak Detectors},
  note = {Hall C User Howto},
  url = {http://hallcweb.jlab.org/document/howtos/PDF/flam_gas_sensors.pdf}
}

@Misc{howto:hallc_beam_energy_meas,
  author = {M. K. Jones},
  title = {Hall C Beam Energy Measurement},
  note = {Hall C User Howto},
  url = {http://hallcweb.jlab.org/document/howtos/PDF/hallc_beam_energy_meas.pdf}
}

@Misc{howto:hms_detector_monitoring,
  author = {H. Fenker},
  title = {Monitoring HMS ``Utilities'' Systems},
  note = {Hall C User Howto},
  url = {http://hallcweb.jlab.org/document/howtos/PDF/hms_detector_monitoring.pdf}
}

@Misc{howto:hms_drift_chambers,
  author = {L. Tang and M. Long and B. Pandey and S. A. Wood and C. Yero},
  title = {HMS Drift Chambers},
  note = {Hall C Reference},
  url = {http://hallcweb.jlab.org/document/howtos/PDF/hms_drift_chambers.pdf}
}

@Misc{howto:hms_drift_map,
  author = {H. Fenker},
  title = {HMS Drift Chamber HV and Signal Connections},
  note = {Hall C Reference},
  url = {http://hallcweb.jlab.org/document/howtos/PDF/hms_drift_map.pdf}
}

@Misc{howto:hms_magnets_new,
  author = {M. Fowler and T. Horn},
  title = {HMS Magnets Control System Help and How To},
  note = {Hall C User Howto},
  url = {http://hallcweb.jlab.org/document/howtos/PDF/hms_magnets_new.pdf}
}

@Misc{howto:hms_nominals,
  author = {H. Fenker},
  title = {HMS Nominal Settings: Voltages, Currents, Flows, etc.},
  note = {Hall C Reference},
  url = {http://hallcweb.jlab.org/document/howtos/PDF/hms_nominals.pdf}
}

@Misc{howto:howtohowto,
  author = {Stephen A. Wood},
  title = {Creating Hall C Howto and Reference Documents},
  note = {Hall C Expert Howto},
  url = {http://hallcweb.jlab.org/document/howtos/PDF/howtohowto.pdf}
}

@Misc{howto:moeller_raster,
  author = {Chen Yan},
  title = {HOW TO SET UP HALL C MOELLER RASTER},
  note = {Hall C User Howto},
  url = {http://hallcweb.jlab.org/document/howtos/moeller_raster.pdf}
}

@Misc{howto:moller_sbys,
  author = {Howard Fenker},
  title = {HALL C M\o ller Step-By-Step Guide - How to take a M\o ller Run},
  note = {Hall C User Howto},
  url = {http://hallcweb.jlab.org/document/howtos/moller_sbys.pdf}
}

@Misc{howto:networking_notes,
  author = {Stephen A. Wood},
  title = {Networking Notes},
  note = {Hall C Reference},
  url = {http://hallcweb.jlab.org/document/howtos/PDF/networking_notes.pdf}
}

@Misc{howto:online_histos,
  author = {G. Huber},
  title = {Instructions for online replay},
  note = {Hall C User Howto},
  url = {http://hallcweb.jlab.org/document/howtos/PDF/online_histos.pdf}
}

@Misc{howto:open_hms_door,
  author = {H. Fenker},
  title = {Operating the HMS Shield House Door},
  note = {Hall C User Howto},
  url = {http://hallcweb.jlab.org/document/howtos/PDF/open_hms_door.pdf}
}

@Misc{howto:open_hms_shutter,
  author = {H. Fenker},
  title = {Operating the HMS Vacuum Window Shutter},
  note = {Hall C User Howto},
  url = {http://hallcweb.jlab.org/document/howtos/PDF/open_hms_shutter.pdf}
}

@Misc{howto:run_monticello,
  author = {M. K. Jones},
  title = {Run Monticello},
  note = {Hall C User Howto},
  url = {http://hallcweb.jlab.org/document/howtos/PDF/run_monticello.pdf}
}

@Misc{howto:shms_drift_chambers,
  author = {M. Eric Christy and Peter Monaghan and Narbe Kalantarians and Debaditya Biswas and Mahlon Long},
  title = {SHMS Drift Chambers},
  note = {Hall C Reference},
  url = {http://hallcweb.jlab.org/document/howtos/PDF/shms_drift_chambers.pdf}
}

@Misc{howto:shms_scintillator_hodoscope,
  author = {G. Niculescu and I. Niculescu and M. Burton and D. Coquelin and K. Nisson and T. Jarell},
  title = {SHMS Hodoscope Scintillator Detectors},
  note = {Hall C Reference},
  url = {http://hallcweb.jlab.org/document/howtos/PDF/shms_scintillator_hodoscope.pdf}
}

@Misc{howto:slits,
  author = {Dave Gaskell},
  title = {How to Set the HMS and SOS Collimators},
  note = {Hall C User Howto},
  url = {http://hallcweb.jlab.org/document/howtos/PDF/slits.pdf}
}

@Misc{howto:slow_raster,
  author = {Chen Yan},
  title = {Slow raster system for polarized target experiments},
  note = {Hall C User Howto},
  url = {http://hallcweb.jlab.org/document/howtos/PDF/slow_raster.pdf}
}

@Misc{howto:superharp,
  author = {M. K. Jones},
  title = {Superharp Operation},
  note = {Hall C User Howto},
  url = {http://hallcweb.jlab.org/document/howtos/PDF/superharp.pdf}
}

@Misc{howto:tof_calibration,
  author = {Peter Bosted},
  title = {Time of Flight Scintillator Hodoscope Calibration},
  note = {Hall C User Howto},
  url = {http://hallcweb.jlab.org/document/howtos/PDF/tof_calibration.pdf}
}

% VendorManuals.bib
% This file is automatically generated, do not edit

@Manual{sfi,
  url={https://hallcweb.jlab.org/document/vendor_manuals/sfi.ps},
  title={STR340 Struck Fastbus Interface},
  month={April},
  year={1996}
}
@Manual{1872aman,
  url={https://hallcweb.jlab.org/document/vendor_manuals/1872aman.pdf},
  title={Model 1875A (1872A) Fastbus Time-to-Digital Converters},
  organization={LeCroy},
  address={700 Chestnut Ridge Road, Chestnut Ridge, NY 10977-6499},
  month={June},
  year={1994}
}
@Manual{1877man,
  url={https://hallcweb.jlab.org/document/vendor_manuals/1877man.pdf},
  title={Model 1877 96-Channel Fastbus Time-to-Digital Converter},
  organization={LeCroy},
  address={700 Chestnut Ridge Road, Chestnut Ridge, NY 10977-6499},
  month={July},
  year={1996}
}
@Manual{1881Mman,
  url={https://hallcweb.jlab.org/document/vendor_manuals/1881Mman.pdf},
  title={Model 1881M 64 Channel Fastbus ADC},
  organization={LeCroy},
  address={700 Chestnut Ridge Road, Chestnut Ridge, NY 10977-6499},
  month={July},
  year={1998}
}
@Manual{Fluke271gs,
  url={https://hallcweb.jlab.org/document/vendor_manuals/271_____gseng0000.pdf},
  title={Fluke 271 (WaveTek 29) Programmable 10 MHz DDS Function Generator: Getting Started Manual},
  number={PN 2423297},
  organization={Fluke Corporation},
  month={January},
  year={2005},
  url={http://us.fluke.com/usen/products/category.htm?category=FUNCGEN(FlukeProducts)}
}
@Manual{Fluke271um,
  url={https://hallcweb.jlab.org/document/vendor_manuals/271_____umeng0000.pdf},
  title={Fluke 271 (WaveTek 29) Programmable 10 MHz DDS Function Generator: Users Manual},
  number={PN 2423297},
  organization={Fluke Corporation},
  month={January},
  year={2005},
  url={http://us.fluke.com/usen/products/category.htm?category=FUNCGEN(FlukeProducts)}
}
    
@Manual{lakeshore460manual,
  url={https://hallcweb.jlab.org/document/vendor_manuals/460_Manual.pdf},
  title={Model 460 3-Channel Gaussmeter},
  organization={Lake Shore Cryotronics, Inc.},
  address={575 McCorkle Blvd, Westerville, OH 43082-98888 USA},
  month={July},
  year={2001},
  edition={Rev 2.1}
}
@Manual{VME4145,
  url={https://hallcweb.jlab.org/document/vendor_manuals/500-024145-000_A.pdf},
  title={VME-4145 Hardware Reference Manual},
  organization={GE Fanuc Intelligent Platforms, Inc.},
  number={500-024145-000 REV.A},
  month={June},
  year={2008},
  edition={First Edition, Rev. A},
  note={4-Channel 16-bit Arbitrary Waveform Generator Board with Autocalibration},
  url={http://www.gefanuc.com/}
}
@Manual{647C_EN_0504A1,
  url={https://hallcweb.jlab.org/document/vendor_manuals/647C_EN_0504A1.pdf},
  title={Multi Channel Flow Ratio/Pressure Controller Type 647C Instruction Manual},
  organization={MKS Instruments},
  month={May},
  year={2004}
}
@Manual{apcpdu,
  url={https://hallcweb.jlab.org/document/vendor_manuals/990-1367A-EN.pdf},
  title = 	 {Switch Rack Power Distribution Unit},
  organization = {APC},
  number = 	 {990-1367A-001},
  month = 	 {May},
  year = 	 {2003},
  url =  {http://www.apc.com/},
  note = {Ethernet controllable power strips}
}
$Log$
Revision 1.2  2006/03/08 17:34:26  saw
Bring back changes from HKS branch
Revision 1.1.2.1  2005/09/01 14:36:53  saw
Initial checkin
@Manual{digi_ts_family,
  url={https://hallcweb.jlab.org/document/vendor_manuals/digi_ts_family.pdf},
  title={Digi TS Family: Command Reference},
  organization={Digi},
  url={http://www.digi.com/},
  year={2004},
  edition={92000304_L},
  note={Digi PortSerer TS 8 Documentation}
}
@Manual{F1TDC,
  url={https://hallcweb.jlab.org/document/vendor_manuals/f1manual.pdf},
  title={F1TDC: A High-Resolution, Multi-Hit, VME64x Time-to-Digital Converter},
  organization={Jefferson Lab},
  month={March},
  year={2005},
  edition={V1.2},
  address={Newport News, VA}
}
@Manual{FADC250,
  url={https://hallcweb.jlab.org/document/vendor_manuals/FADC250UsersManual.pdf},
  title={FADC250 User's Manual},
  organization={Jefferson Lab},
  address={Newport News, VA},
  note={This manual assembled from a collection of sources by Richard Jones, University of Connecticut}
}
@Manual{cn3910a,
  url={https://hallcweb.jlab.org/document/vendor_manuals/M2240.pdf},
  title={CN3910A, On/Off Proportional Controller, Operators Manual},
  organization={Omega}
}
@Manual{Lakeshore_MPS_Manual,
  url={https://hallcweb.jlab.org/document/vendor_manuals/MPS_Manual.pdf},
  title={Lakeshore Model 620/622/623/647 Magnet Power Supply User's Manual},
  organization={Lake Shore Cryotronics, Inc.},
  year={1999},
  month={April},
  address={575 McCorkle Blvd., Westerville, Ohio 43082-8888},
  url = {http://www.lakeshore.com/},
  edition={Version 1.2}
  
}
@Manual{opti,
  url={https://hallcweb.jlab.org/document/vendor_manuals/Optilo_7E1.pdf},
  title={OptiLogic Remote Terminal Units},
  organization={Optimation, Inc.},
  year={2000},
  url={http://www.optimate.com/}
}
@Manual{sis3801v5a,
  url={https://hallcweb.jlab.org/document/vendor_manuals/sis3801v5a.pdf},
   title={SIS3801 VME Multiscaler User Manual for Firmware V5 through VA},
   month={August},
   year={2000},
   organization={SIS GmbH}
}
@Manual{SR630,
  url={https://hallcweb.jlab.org/document/vendor_manuals/SR630m.pdf},
  title={Model SR630 16 Channel Thermocouple Reader},
  organization={Stanford Research Systems},
  year={1997},
  address={1290-D Reamwoood Avenue, Sunnyvale, CA 94089},
  url={http://www.srsys.com/products/SR630.htm}
}
@Manual{caensy403manual,
  url={https://hallcweb.jlab.org/document/vendor_manuals/sy403manual_rev0.pdf},
  title={C. A. E. N. SY403 High Voltage System Users's Manual},
  month={December},
  year={1993},
  organization={CAEN S.p.A.},
  note={Describes firmware version 1.45}
}
@Manual{caensy4527manual,
  url={https://hallcweb.jlab.org/document/vendor_manuals/SY4527_rev12.pdf},
  title={SY4527 - SY4527LC Power Supply Systems},
  month={June},
  year={2015},
  organization={CAEN S.p.A.}
}
@Manual{TS5400,
  url={https://hallcweb.jlab.org/document/vendor_manuals/TS-5400.pdf},
  title={TS-5400 User's Manual},
  organization={Technologic Systems},
  month={January},
  year={2003},
  address={Fountain Hills, AZ},
  url={http://www.embedded586.com/}
}
@Manual{TSSER4,
  url={https://hallcweb.jlab.org/document/vendor_manuals/TS-SER4.pdf},
  title={TS-SER4 Manual},
  organization={Technologic Systems},
  month={April},
  year={2003},
  address={Fountain Hills, AZ},
  url={http://www.embedded586.com/}
}
@Manual{V1190,
  url={https://hallcweb.jlab.org/document/vendor_manuals/V1190_REV13.pdf},
  title={V1190-VX1190 A/B, 128/64 Ch Multihit TDC},
  month={July},
  year={2012},
  organization={C. A. E. N.},
  note={Revision 13}
}
@Manual{VMETIR,
  url={https://hallcweb.jlab.org/document/vendor_manuals/VmeTIRManual.pdf},
  title={VME Trigger Interface},
  author={Ed Jastrzembski},
  organization={Data Acquisition Group, Jefferson Laboratory},
  month={May},
  year={1997}
}
@Manual{pc1043610manual,
  url={https://hallcweb.jlab.org/document/vendor_manuals/PC104-3610-3620-Manual.doc},
  title={PC104-3610/3620 - PC/104 Ethernet Module - PC/104 Dual Ethernet
Module - User's Manual (Version 2.1)},
  organization={Nagasaki International Corp.},
  year={2000},
  address={Taiwan},
  edition={Version 2.1}
  
}
@Manual{ts2,
  url={https://hallcweb.jlab.org/document/vendor_manuals/ts5_man_all_2.doc},
  title={JLab Trigger Supervisor Version 2},
  author={Ed Jastrzembski},
  organization={Data Acquisition Group, Jefferson Laboratory},
  month={May},
  year={2005}
}
