# References added for the 2016 reincarnation of
# the operations manual

@article{HornSHMSAerogel,
title = "The Aerogel \v{C}erenkov Detector for the SHMS magnetic spectrometer in JLab Hall C",
journal = "Nuclear Instruments and Methods in Physics Research Section A: Accelerators, Spectrometers, Detectors and Associated Equipment ",
author = "T. Horn and H. Mkrtchyan and S. Ali and Asaturyan and
                  M. Carmignotto and A. Dittmann and D. Dutta and
                  R. Ent and N. Hlavin and Y. Illieva and A. Mkrtchyan
                  and P. Nadel-Turonski and I. Pegg and A. Ramos and
                  J. Reinhold and I. Sapkota and V. Tadevosyan and
                  S. Zhamkochyan and and S. A. Wood"
}

@article{Asaturyan2005364, title = "The aerogel threshold Cherenkov detector for the High Momentum Spectrometer in Hall C at Jefferson Lab ",
journal = "Nuclear Instruments and Methods in Physics Research Section A: Accelerators, Spectrometers, Detectors and Associated Equipment ",
volume = "548",
number = "3",
pages = "364 - 374",
year = "2005",
note = "",
issn = "0168-9002",
doi = "http://dx.doi.org/10.1016/j.nima.2005.04.058",
url = "http://www.sciencedirect.com/science/article/pii/S0168900205010223",
author = "R. Asaturyan and R. Ent and H. Fenker and D. Gaskell and G.M. Huber and M. Jones and D. Mack and H. Mkrtchyan and B. Metzger and N. Novikoff and V. Tadevosyan and W. Vulcan and S. Wood",
keywords = "Particle identification",
keywords = "Aerogel",
keywords = "Diffusion box",
keywords = "Photoelectron "
}

@misc{millipore,
organization="Millipore Corporation, 80 Ashly Raod, Bedford, MA",
url="http://www.millipore.com/"
}
@article{Mkrtchyan201385,
title = "The lead-glass electromagnetic calorimeters for the magnetic spectrometers in Hall C at Jefferson Lab ",
journal = "Nuclear Instruments and Methods in Physics Research Section A: Accelerators, Spectrometers, Detectors and Associated Equipment ",
volume = "719",
number = "",
pages = "85 - 100",
year = "2013",
note = "",
issn = "0168-9002",
doi = "http://dx.doi.org/10.1016/j.nima.2013.03.070",
url = "http://www.sciencedirect.com/science/article/pii/S0168900213004154",
author = "H. Mkrtchyan and R. Carlini and V. Tadevosyan and J. Arrington and A. Asaturyan and M.E. Christy and D. Dutta and R. Ent and H.C. Fenker and D. Gaskell and T. Horn and M.K. Jones and C.E. Keppel and D.J. Mack and S.P. Malace and A. Mkrtchyan and M.I. Niculescu and J. Seely and V. Tvaskis and S.A. Wood and S. Zhamkochyan",
keywords = "Electromagnetic calorimeter",
keywords = "Pion/electron separation",
keywords = "Electron detection efficiency",
keywords = "Pion suppression factor",
keywords = "Lead glass",
keywords = "Photomultiplier "
}
@misc{howtos,
title="Hall C Howtos and References",
url="https://hallcweb.jlab.org/document/howtos/"
}

@misc{CDR12GeV,
title="Conceptual Design Report, Hall C 12 GeV/c Upgrade",
url="https://www.jlab.org/Hall-C/upgrade/cdr.pdf",
year = "2002"
}
@article{Yan20051,
title = "Linear beam raster for cryogenic targets ",
journal = "Nuclear Instruments and Methods in Physics Research Section A: Accelerators, Spectrometers, Detectors and Associated Equipment ",
volume = "539",
number = "1–2",
pages = "1 - 15",
year = "2005",
note = "",
issn = "0168-9002",
doi = "http://dx.doi.org/10.1016/j.nima.2004.09.034",
url = "http://www.sciencedirect.com/science/article/pii/S0168900204021874",
author = "C. Yan and N. Sinkine and R. Wojcik",
keywords = "Beam raster",
keywords = "Cryogemic targets",
keywords = "Beam heating",
keywords = "H-bridge "
}

@article{Hauger2001382,
title = "A high-precision polarimeter ",
journal = "Nuclear Instruments and Methods in Physics Research Section A: Accelerators, Spectrometers, Detectors and Associated Equipment ",
volume = "462",
number = "3",
pages = "382 - 392",
year = "2001",
note = "",
issn = "0168-9002",
doi = "http://dx.doi.org/10.1016/S0168-9002(01)00197-8",
url = "http://www.sciencedirect.com/science/article/pii/S0168900201001978",
author = "M. Hauger and A. Honegger and J. Jourdan and G. Kubon and T. Petitjean and D. Rohe and I. Sick and G. Warren and H. Wöhrle and J. Zhao and R. Ent and J. Mitchell and D. Crabb and A. Tobias and M. Zeier and B. Zihlmann",
keywords = "Møller polarimeter",
keywords = "Electron scattering",
keywords = "High precision (0.5%) "
}

@misc{docdb:moellerraster,
title="Moeller Polarimeter Raster System",
author="C. Yan",
url="https://hallcweb.jlab.org/doc-private/ShowDocument?docid=798"
}

@misc{rp408,
title="RP-408",
organization="Rexon Components, Inc.",
url="http://www.rexon.com/RP408.htm"
}

@misc{docdb:ET9214Bdocs,
title="Misc SHMS Scintillator Hodoscope ET9214B PMT and Base Documents",
url="https://hallcweb.jlab.org/doc-public/ShowDocument?docid=797"
}

@misc{docdb:XP2262docs,
title="Misc HMS/SHMS Scintillator Hodoscope XP2262 PMT and Base Documents",
url="https://hallcweb.jlab.org/doc-public/ShowDocument?docid=791"
}
@misc{docdb:ET9814QBdocs,
title="Misc SHMS Quartz Hodoscope ET9814QB PMT and Base Documents",
url="https://hallcweb.jlab.org/doc-public/ShowDocument?docid=805"
}

@misc{docdb:SHMS-HGC-e-pi-docs,
title="Simulations for $e/\pi$ Separation for the SHMS Heavy Gas Cherenkov Detector",
url="https://hallcweb.jlab.org/doc-private/ShowDocument?docid=803"
}

@misc{docdb:SHMS-HGC-pi-kappa-docs,
title="Simulations for $\pi/\kappa$ Separation for the SHMS Heavy Gas Cherenkov Detector",
url="https://hallcweb.jlab.org/doc-private/ShowDocument?docid=804"
}

@misc{docdb:SHMS-NGC-docs,
title="{NGC} Various Documents",
url="https://hallcweb.jlab.org/doc-private/ShowDocument?docid=794"
}

