% References used in the original Hall C
% Operations manual

@misc{rdup1,
AUTHOR = "B. Foy",
ORGANIZATION = "E. E. Dupont de Nemours and Co.",
HOWPUBLISHED = "private communication"
}

@article{Mapes1993,
  doi = {10.1116/1.578509},
  url = {http://dx.doi.org/10.1116/1.578509},
  year  = {1993},
  month = {jul},
  publisher = {American Vacuum Society},
  volume = {11},
  number = {4},
  pages = {1587},
  author = {M. Mapes and W. J. Leonhardt},
  title = {Design of large aperture,  low mass vacuum windows},
  journal = {Journal of Vacuum Science {\&} Technology A: Vacuum,  Surfaces,  and Films}
}

@article{Leonhardt,
author = "W. J. Leonhardt and M. Mapes",
url = "http://www.osti.gov/scitech/servlets/purl/6298914-S20aY8/",
title = "Design of Large Aperture, Low Mass Vacuum Windows",
note = "BNL-48238"
}

@article{rllnl2,
author = "T. T. Chiao and C. C. Chiao and R. J. Sherry",
title = " LIfetimes of fiber composites under sustained tensiule loading",
journal = "Fracture Mechanics and Technology",
volume = "1",
pages = "257-269",
publisher = "Sijthoff and Noordhoff International Publishers, The Netherlands",
year = "1977"
}

@misc{rnasa,
ORGANIZATION = "NASA Langley Materials Science Division",
HOWPUBLISHED = "private communication"
}

%\bibitem{rnswc} H. Peritt, NSWC Report AD-B030932L

%\bibitem{rbrook3} Occurrence Report, Brookhaven National Laboratory, 1995

%\bibitem{rllnl}  S.L. Phoenix and E.M. Wu, LLNL Report, 1983

% Can't find
@techreport{bi:yan1,
author="C. Yan and P. Brindza and R. Carlini and S. Lassiter and
D. Mack and J. Napolitano and R. Thorpe and S. Wood",
title="Preliminary User's Manual for the High Momentum Spectrometer at JLab",
number="CEBAF-R-92-002",
year="1992",
institution="Jefferson Lab"
}

@unpublished{bi:hms1,
title="HMS Superconducting Magnet Safety Review - Quadrupoles",
year="1994"
}
@techreport{bi:yan2,
author="C. Yan",
title="HMS Upgrade - The Third Order Correction",
year=1995,
institution="Jeferson Lab",
number="TN95-016",
url="https://misportal.jlab.org/ul/publications/view_pub.cfm?pub_id=1583"
}
@manual{bi:oxf1,
title="Unpacking and Installation,
Oxford Instruments User Manual Section 4.0"
}
@manual{bi:oxf2,
title="HMS Quadrupole Interlock QFTest, 
Oxford Instruments User Manual Section 8.12"
}
@manual{bi:danf,
title="Maintenance,
Danfysik Magnet Power Supply 8000 Section 5"
}
@techreport{bi:hms2,
title = "HMS Superconducting Magnet Safety Review - Dipole",
year= "1994"
}

@techreport{bi:tank,
author="M. Hoegerl and P. Hood and J. H. Mitchell",
title="Results of Hydrostatic Testing of the HMS Cerenkov Tank"
}

@techreport{bi:wind,
author= "C. D. Cothran and M. Hoegerl and P. Hood and J. H. Mitchell",
title="Results of Safety Testing for the HMS Cerenkov Tank Windows"
}

@techreport{bi:kross,
author="B. Kross",
title="Gas Handling System Writeup and Operator's Manual"
}

@techreport{bi:Smythe,
author="W. R. Smythe",
title="JLab Hall C SOS Gas \v{C}erenkov Detector Handbook",
institution="University of Colorado, Boulder, Colorado"
}

@techreport{bi:Woodin,
author="Dale Woodin",
title="Conceptual Design of a Gas \v{C}erenkov Counter for the SOS Project",
institution="Western Michigan University, Kalamazoo, Michigan"
}

% hydrogen properties

%helium properties

@techreport{bi:mc72,
author="R. D. Mc Carty",
title="Thermophysical Properties of $^4$He from
2 to 1500 K with Pressures to 1000 Atmospheres",
number="COM 75-10334, NBS 1972"
}

@techreport{bi:gi67,
author="R.M. Gibbons and D.I. Nathan",
title="Thermodynamic Data of $^3$He",
number="Tech Report AFML-TR-67-173",
month="October",
year="1967"
}

@techreport{bi:test,
author="B. Terburg",
title="Target Cell Pressure Test Results"
}

@techreport{bi:bates,
author=" W. Schmitt and C. Williamson",
title="Boiloff Rates of Cryogenic Targets Subjected to Catastrophic
Vacuum Failure",
institution="MIT Bates Linear Accelerator",
number="Internal report \# 90-02, Sept 1990"
}

@techreport{bi:tgtsspec,
author="J. H. Mitchell",
title="Specifications for the Control System of the Hall C Cryogenic Targets"
}

@techreport{bi:ctest,
author="C. D. Cothran and D. Day, and J. H. Mitchell",
title="Temporary Operating Safety Procedure for the HMS Cerenkov
Detector Pressure Testing"
}

@article{bi:rbrook,
author="M. Mapes and W.J. Leonhardt",
journal="J. Vac. Sci. Technol. A",
volume="11",
number="4",
note="Jul/Aug 1999"
}
